@article{gaffmonk,
  title={Gene expression time delays and Turing pattern formation systems},
  author={Gaffney, EA and Monk, NAM},
  journal={Bulletin of mathematical biology},
  volume={68},
  number={1},
  pages={99--130},
  year={2006},
  publisher={Springer}
}

@article{turing,
  title={The chemical basis of morphogenesis},
  author={Turing, Alan Mathison},
  journal={Bulletin of mathematical biology},
  volume={52},
  number={1},
  pages={153--197},
  year={1990},
  publisher={Springer}
}


@book{murray,
  title={Mathematical biology II: spatial models and biomedical applications},
  author={Murray, JD},
  volume={3},
  year={2001},
  publisher={Springer-Verlag}
}
@article{william,
  title={Distributed Delay in Reaction-Diffusion systems},
  author={William Dash},
  journal={Mathematical Institute, University of Oxford},
  year={2020},
}


@article{bailleul,
  title={A “Numerical Evo-Devo” Synthesis for the Identification of Pattern-Forming Factors},
  author={Bailleul, Richard and Manceau, Marie and Touboul, Jonathan},
  journal={Cells},
  volume={9},
  number={8},
  pages={1840},
  year={2020},
  publisher={Multidisciplinary Digital Publishing Institute}
}

@article{miura1,
  title={Extracellular matrix environment influences chondrogenic pattern formation in limb bud micromass culture: experimental verification of theoretical models},
  author={Miura, Takashi and Shiota, Kohei},
  journal={The Anatomical Record: An Official Publication of the American Association of Anatomists},
  volume={258},
  number={1},
  pages={100--107},
  year={2000},
  publisher={Wiley Online Library}
}

@article{miura2,
  title={Speed of pattern appearance in reaction-diffusion models: implications in the pattern formation of limb bud mesenchyme cells},
  author={Miura, Takashi and Maini, Philip K},
  journal={Bulletin of mathematical biology},
  volume={66},
  number={4},
  pages={627--649},
  year={2004},
  publisher={Elsevier}
}

@article{glimm,
  title={Dynamical mechanisms for skeletal pattern formation in the vertebrate limb},
  author={Hentschel, HGE and Glimm, Tilmann and Glazier, James A and Newman, Stuart A},
  journal={Proceedings of the Royal Society of London. Series B: Biological Sciences},
  volume={271},
  number={1549},
  pages={1713--1722},
  year={2004},
  publisher={The Royal Society}
}

@article{tennyson,
  title={The human dystrophin gene requires 16 hours to be transcribed and is cotranscriptionally spliced},
  author={Tennyson, Christine N and Klamut, Henry J and Worton, Ronald G},
  journal={Nature genetics},
  volume={9},
  number={2},
  pages={184--190},
  year={1995},
  publisher={Nature Publishing Group}
}

@article{kimmel,
  title={Stages of embryonic development of the zebrafish},
  author={Kimmel, Charles B and Ballard, William W and Kimmel, Seth R and Ullmann, Bonnie and Schilling, Thomas F},
  journal={Developmental dynamics},
  volume={203},
  number={3},
  pages={253--310},
  year={1995},
  publisher={Wiley Online Library}
}

@article{leegaffney,
  title={Aberrant behaviours of reaction diffusion self-organisation models on growing domains in the presence of gene expression time delays},
  author={Lee, S Seirin and Gaffney, EA},
  journal={Bulletin of mathematical biology},
  volume={72},
  number={8},
  pages={2161--2179},
  year={2010},
  publisher={Springer}
}

@article{leegaffmonk,
  title={The influence of gene expression time delays on Gierer--Meinhardt pattern formation systems},
  author={Lee, S Seirin and Gaffney, EA and Monk, NAM},
  journal={Bulletin of mathematical biology},
  volume={72},
  number={8},
  pages={2139--2160},
  year={2010},
  publisher={Springer}
}

@article{bratsun,
  title={Delay-induced stochastic oscillations in gene regulation},
  author={Bratsun, Dmitri and Volfson, Dmitri and Tsimring, Lev S and Hasty, Jeff},
  journal={Proceedings of the National Academy of Sciences},
  volume={102},
  number={41},
  pages={14593--14598},
  year={2005},
  publisher={National Acad Sciences}
}

@article{schnakenberg,
  title={Simple chemical reaction systems with limit cycle behaviour},
  author={Schnakenberg, J},
  journal={Journal of theoretical biology},
  volume={81},
  number={3},
  pages={389--400},
  year={1979},
  publisher={Elsevier}
}

@article{painter,
  title={Complex spatial patterns in a hybrid chemotaxis reaction-diffusion model},
  author={Painter, KJ and Maini, PK and Othmer, HG},
  journal={J. Math. Biol},
  volume={41},
  number={4},
  pages={285--314},
  year={2000}
}

@article{yigaffneyli,
  title={The bifurcation analysis of Turing pattern formation induced by delay and diffusion in the Schnakenberg system},
  author={Yi, Fengqi and Gaffney, Eamonn A and Seirin-Lee, Sungrim},
  journal={Discrete \& Continuous Dynamical Systems-B},
  volume={22},
  number={2},
  pages={647},
  year={2017},
  publisher={American Institute of Mathematical Sciences}
}

@article{jiang,
  title={Turing instability and Turing--Hopf bifurcation in diffusive Schnakenberg systems with gene expression time delay},
  author={Jiang, Weihua and Wang, Hongbin and Cao, Xun},
  journal={Journal of Dynamics and Differential Equations},
  volume={31},
  number={4},
  pages={2223--2247},
  year={2019},
  publisher={Springer}
}

@online{marchingsquares,
url={https://www.chebfun.org/examples/roots/MarchingSquares.html}
}

@online{chebfun,
url={https://www.chebfun.org}
}

@online{wikitrunc,
url={https://en.wikipedia.org/wiki/Truncated_normal_distribution}
}

@article{fadai,
  title={A time-delay in the activator kinetics enhances the stability of a spike solution to the gierer-meinhardt model},
  author={Fadai, Nabil T and Ward, Michael J and Wei, Juncheng},
  journal={Discrete \& Continuous Dynamical Systems-B},
  volume={23},
  number={4},
  pages={1431},
  year={2018},
  publisher={American Institute of Mathematical Sciences}
}


@article{krausemixed,
  title={Isolating Patterns in Open Reaction--Diffusion Systems},
  author={Krause, Andrew L and Klika, V{\'a}clav and Maini, Philip K and Headon, Denis and Gaffney, Eamonn A},
  journal={Bulletin of Mathematical Biology},
  volume={83},
  number={7},
  pages={1--35},
  year={2021},
  publisher={Springer}
}

@article{krausenew,
  title={Modern Perspectives on Near-Equilibrium Analysis of Turing Systems},
  author={Krause, Andrew L and Gaffney, Eamonn A and Maini, Philip K and Klika, V{\'a}clav},
  journal={arXiv preprint arXiv:2106.08375},
  year={2021}
}

@online{finitediff,
url={https://en.wikipedia.org/wiki/Finite_difference}
}

@online{compsimp,
url={https://en.wikipedia.org/wiki/Simpson%27s_rule}
}


@techreport{beentjes,
  title={Pattern formation analysis in the Schnakenberg model},
  author={Beentjes, CASPER HL},
  year={2015},
  institution={Technical Report, University of Oxford, Oxford, UK}
}

@article{raj,
  title={Nature, nurture, or chance: stochastic gene expression and its consequences},
  author={Raj, Arjun and Van Oudenaarden, Alexander},
  journal={Cell},
  volume={135},
  number={2},
  pages={216--226},
  year={2008},
  publisher={Elsevier}
}

@article{elowitz,
  title={Stochastic gene expression in a single cell},
  author={Elowitz, Michael B and Levine, Arnold J and Siggia, Eric D and Swain, Peter S},
  journal={Science},
  volume={297},
  number={5584},
  pages={1183--1186},
  year={2002},
  publisher={American Association for the Advancement of Science}
}

@article{mcadams,
  title={Stochastic mechanisms in gene expression},
  author={McAdams, Harley H and Arkin, Adam},
  journal={Proceedings of the National Academy of Sciences},
  volume={94},
  number={3},
  pages={814--819},
  year={1997},
  publisher={National Acad Sciences}
}

@article{paulsson,
  title={Models of stochastic gene expression},
  author={Paulsson, Johan},
  journal={Physics of life reviews},
  volume={2},
  number={2},
  pages={157--175},
  year={2005},
  publisher={Elsevier}
}


@online{morph,
url={https://en.wikipedia.org/wiki/Morphogenesis}
}

@article{gm,
  title={A theory of biological pattern formation},
  author={Gierer, Alfred and Meinhardt, Hans},
  journal={Kybernetik},
  volume={12},
  number={1},
  pages={30--39},
  year={1972},
  publisher={Springer}
}


@article{krausefixed,
  title={Turing--Hopf patterns on growing domains: the torus and the sphere},
  author={S{\'a}nchez-Garduno, Faustino and Krause, Andrew L and Castillo, Jorge A and Padilla, Pablo},
  journal={Journal of theoretical biology},
  volume={481},
  pages={136--150},
  year={2019},
  publisher={Elsevier}
}


@article{baker,
  title={Effects of intrinsic stochasticity on delayed reaction-diffusion patterning systems},
  author={Woolley, Thomas E and Baker, Ruth E and Gaffney, Eamonn A and Maini, Philip K and Seirin-Lee, Sungrim},
  journal={Physical Review E},
  volume={85},
  number={5},
  pages={051914},
  year={2012},
  publisher={APS}
}

@article{rosenbrock,
  title={Some general implicit processes for the numerical solution of differential equations},
  author={Rosenbrock, HH},
  journal={The Computer Journal},
  volume={5},
  number={4},
  pages={329--330},
  year={1963},
  publisher={Oxford University Press}
}


@online{rodas,
url={https://diffeq.sciml.ai/stable/solvers/ode_solve/}
}

@online{methsteps,
url={https://en.wikipedia.org/wiki/Delay_differential_equation}
}


@article{stiff1,
  title={Numerical methods for stiff reaction-diffusion systems},
  author={Chou, Ching-Shan and Zhang, Yong-Tao and Zhao, Rui and Nie, Qing},
  journal={Discrete \& Continuous Dynamical Systems-B},
  volume={7},
  number={3},
  pages={515},
  year={2007},
  publisher={American Institute of Mathematical Sciences}
}

@article{wolpert,
  title={Positional information and the spatial pattern of cellular differentiation},
  author={Wolpert, Lewis},
  journal={Journal of theoretical biology},
  volume={25},
  number={1},
  pages={1--47},
  year={1969},
  publisher={Elsevier}
}


@article{skewed,
  title={Truncated skew-normal distributions: moments, estimation by weighted moments and application to climatic data},
  author={Flecher, Cedric and Allard, Denis and Naveau, Philippe},
  journal={Metron},
  volume={68},
  number={3},
  pages={331--345},
  year={2010},
  publisher={Springer}
}
