@article{gaffmonk,
  title={Gene expression time delays and Turing pattern formation systems},
  author={Gaffney, EA and Monk, NAM},
  journal={Bulletin of mathematical biology},
  volume={68},
  number={1},
  pages={99--130},
  year={2006},
  publisher={Springer}
}

@article{paper1,
  title={The sensitivity of Turing self-organization to biological feedback delays: 2D models of fish pigmentation},
  author={Gaffney, EA and Lee, S Seirin},
  journal={Mathematical medicine and biology: a journal of the IMA},
  volume={32},
  number={1},
  pages={57--79},
  year={2015},
  publisher={Oxford University Press}
}

@article{paper2,
  title={The bifurcation analysis of Turing pattern formation induced by delay and diffusion in the Schnakenberg system},
  author={Yi, Fengqi and Gaffney, Eamonn A and Seirin-Lee, Sungrim},
  journal={Discrete \& Continuous Dynamical Systems-B},
  volume={22},
  number={2},
  pages={647},
  year={2017},
  publisher={American Institute of Mathematical Sciences}
}

@article{turing,
  title={The chemical basis of morphogenesis},
  author={Turing, Alan Mathison},
  journal={Bulletin of mathematical biology},
  volume={52},
  number={1},
  pages={153--197},
  year={1990},
  publisher={Springer}
}


@book{murray,
  title={Mathematical biology II: spatial models and biomedical applications},
  author={Murray, JD},
  volume={3},
  year={2001},
  publisher={Springer-Verlag}
}

@online{turing1,
url={https://www.labroots.com/trending/chemistry-and-physics/8754/turing-patterns-inspired-membrane-water-filters}
}
@article{jiang,
  title={Turing instability and Turing--Hopf bifurcation in diffusive Schnakenberg systems with gene expression time delay},
  author={Jiang, Weihua and Wang, Hongbin and Cao, Xun},
  journal={Journal of Dynamics and Differential Equations},
  volume={31},
  number={4},
  pages={2223--2247},
  year={2019},
  publisher={Springer}
}

@book{shell,
  title={The algorithmic beauty of sea shells},
  author={Meinhardt, Hans},
  year={2009},
  publisher={Springer Science \& Business Media}
}

@article{william,
  title={Distributed Delay in Reaction-Diffusion systems},
  author={William Dash},
  journal={Mathematical Institute, University of Oxford},
  year={2020},
}


@online{nature,
url={https://www.nature.com/scitable/topicpage/gene-expression-14121669/}
}
