@article{ahmad2020missing,
  title={Missing link prediction using common neighbor and centrality based parameterized algorithm},
  author={Ahmad, Iftikhar and Akhtar, Muhammad Usman and Noor, Salma and Shahnaz, Ambreen},
  journal={Scientific reports},
  volume={10},
  number={1},
  pages={1--9},
  year={2020},
  publisher={Nature Publishing Group}
}

@article{山本博資1994thomas,
  title={Thomas M. Cover and Joy A. Thomas, Elements of Information Theory, John Wiley \& Sons, Inc., 1991, 542pp.},
  author={山本博資},
  journal={応用数理},
  volume={4},
  number={3},
  pages={302--303},
  year={1994},
  publisher={一般社団法人 日本応用
  数理学会}
}

@book{asratian1998bipartite,
  title={Bipartite graphs and their applications},
  author={Asratian, Armen S and Denley, Tristan MJ and H{\"a}ggkvist, Roland},
  volume={131},
  year={1998},
  publisher={Cambridge university press}
}

@article{kojaku2018core,
  title={Core-periphery structure requires something else in the network},
  author={Kojaku, Sadamori and Masuda, Naoki},
  journal={New Journal of physics},
  volume={20},
  number={4},
  pages={043012},
  year={2018},
  publisher={IOP Publishing}
}

@article{kojaku2019multiscale,
  title={Multiscale core-periphery structure in a global liner shipping network},
  author={Kojaku, Sadamori and Xu, Mengqiao and Xia, Haoxiang and Masuda, Naoki},
  journal={Scientific reports},
  volume={9},
  number={1},
  pages={1--15},
  year={2019},
  publisher={Nature Publishing Group}
}

@article{kosowska2020network,
  title={Network effects govern the evolution of maritime trade},
  author={Kosowska-Stamirowska, Zuzanna},
  journal={Proceedings of the National Academy of Sciences},
  volume={117},
  number={23},
  pages={12719--12728},
  year={2020},
  publisher={National Acad Sciences}
}


@article{karrer2011stochastic,
  title={Stochastic blockmodels and community structure in networks},
  author={Karrer, Brian and Newman, Mark EJ},
  journal={Physical review E},
  volume={83},
  number={1},
  pages={016107},
  year={2011},
  publisher={APS}
}
@article{schaub2020hierarchical,
  title={Hierarchical community structure in networks},
  author={Schaub, Michael T and Peel, Leto},
  journal={arXiv preprint arXiv:2009.07196},
  year={2020}
}

@article{dijkstra1959note,
  title={A note on two problems in connexion with graphs},
  author={Dijkstra, Edsger W and others},
  journal={Numerische mathematik},
  volume={1},
  number={1},
  pages={269--271},
  year={1959}
}

@article{wilson1971family,
  title={A family of spatial interaction models, and associated developments},
  author={Wilson, Alan Geoffrey},
  journal={Environment and Planning A},
  volume={3},
  number={1},
  pages={1--32},
  year={1971},
  publisher={Sage Publications Sage UK: London, England}
}

@article{rombach2014core,
  title={Core-periphery structure in networks},
  author={Rombach, M Puck and Porter, Mason A and Fowler, James H and Mucha, Peter J},
  journal={SIAM Journal on Applied mathematics},
  volume={74},
  number={1},
  pages={167--190},
  year={2014},
  publisher={SIAM}
}

@article{simini2012universal,
  title={A universal model for mobility and migration patterns},
  author={Simini, Filippo and Gonz{\'a}lez, Marta C and Maritan, Amos and Barab{\'a}si, Albert-L{\'a}szl{\'o}},
  journal={Nature},
  volume={484},
  number={7392},
  pages={96--100},
  year={2012},
  publisher={Nature Publishing Group}
}

@article{elliott2020core,
  title={Core--periphery structure in directed networks},
  author={Elliott, Andrew and Chiu, Angus and Bazzi, Marya and Reinert, Gesine and Cucuringu, Mihai},
  journal={Proceedings of the Royal Society A},
  volume={476},
  number={2241},
  pages={20190783},
  year={2020},
  publisher={The Royal Society Publishing}
}
@article{schaub2019multiscale,
  title={Multiscale dynamical embeddings of complex networks},
  author={Schaub, Michael T and Delvenne, Jean-Charles and Lambiotte, Renaud and Barahona, Mauricio},
  journal={Physical Review E},
  volume={99},
  number={6},
  pages={062308},
  year={2019},
  publisher={APS}
}

@techreport{hagberg2008exploring,
  title={Exploring network structure, dynamics, and function using NetworkX},
  author={Hagberg, Aric and Swart, Pieter and S Chult, Daniel},
  year={2008},
  institution={Los Alamos National Lab.(LANL), Los Alamos, NM (United States)}
}


@article{peixoto2019bayesian,
  title={Bayesian stochastic blockmodeling},
  author={Peixoto, Tiago P},
  journal={Advances in network clustering and blockmodeling},
  pages={289--332},
  year={2019},
  publisher={Wiley Online Library}
}

@article{verschuur2020implications,
  title={The implications of large-scale containment policies on global maritime trade during the COVID-19 pandemic},
  author={Verschuur, Jasper and Koks, Elco and Hall, Jim},
  journal={arXiv preprint arXiv:2010.15907},
  year={2020}
}

@article{traag2019partitioning,
  title={Partitioning signed networks},
  author={Traag, Vincent and Doreian, Patrick and Mrvar, Andrej},
  journal={Advances in network clustering and blockmodeling},
  pages={225--249},
  year={2019},
  publisher={Wiley Online Library}
}
@article{traag2019louvain,
  title={From Louvain to Leiden: guaranteeing well-connected communities},
  author={Traag, Vincent A and Waltman, Ludo and Van Eck, Nees Jan},
  journal={Scientific reports},
  volume={9},
  number={1},
  pages={1--12},
  year={2019},
  publisher={Nature Publishing Group}
}

@article{richardson2009spectral,
  title={Spectral tripartitioning of networks},
  author={Richardson, Thomas and Mucha, Peter J and Porter, Mason A},
  journal={Physical Review E},
  volume={80},
  number={3},
  pages={036111},
  year={2009},
  publisher={APS}
}

@article{bartesaghi2020community,
  title={Community structure in the World Trade Network based on communicability distances},
  author={Bartesaghi, Paolo and Clemente, Gian Paolo and Grassi, Rosanna},
  journal={Journal of Economic Interaction and Coordination},
  pages={1--37},
  year={2020},
  publisher={Springer}
}


@article{borgatti2000models,
  title={Models of core/periphery structures},
  author={Borgatti, Stephen P and Everett, Martin G},
  journal={Social networks},
  volume={21},
  number={4},
  pages={375--395},
  year={2000},
  publisher={Elsevier}
}

@article{verschuur2021global,
  title={Global economic impacts of COVID-19 lockdown measures stand out in high-frequency shipping data},
  author={Verschuur, Jasper and Koks, Elco E and Hall, Jim W},
  journal={PloS one},
  volume={16},
  number={4},
  pages={e0248818},
  year={2021},
  publisher={Public Library of Science San Francisco, CA USA}
}

@article{schaub2017many,
  title={The many facets of community detection in complex networks},
  author={Schaub, Michael T and Delvenne, Jean-Charles and Rosvall, Martin and Lambiotte, Renaud},
  journal={Applied network science},
  volume={2},
  number={1},
  pages={4},
  year={2017},
  publisher={Springer}
}
@article{serrano2007patterns,
  title={Patterns of dominant flows in the world trade web},
  author={Serrano, M {\'A}ngeles and Bogu{\~n}{\'a}, Mari{\'a}n and Vespignani, Alessandro},
  journal={Journal of Economic Interaction and Coordination},
  volume={2},
  number={2},
  pages={111--124},
  year={2007},
  publisher={Springer}
}

@book{kleinberg2011authoritative,
  title={Authoritative sources in a hyperlinked environment},
  author={Kleinberg, Jon M and Newman, Mark and Barab{\'a}si, Albert-L{\'a}szl{\'o} and Watts, Duncan J},
  year={2011},
  publisher={Princeton University Press}
}
@incollection{erdos2011evolution,
  title={On the evolution of random graphs},
  author={Erd{\"o}s, Paul and R{\'e}nyi, Alfr{\'e}d},
  booktitle={The structure and dynamics of networks},
  pages={38--82},
  year={2011},
  publisher={Princeton University Press}
}

@incollection{newman2018configuration,
  title={The configuration model},
  author={Newman, Mark},
  booktitle={Networks},
  year={2018},
  publisher={Oxford university press}
}

@article{leicht2008community,
  title={Community structure in directed networks},
  author={Leicht, Elizabeth A and Newman, Mark EJ},
  journal={Physical review letters},
  volume={100},
  number={11},
  pages={118703},
  year={2008},
  publisher={APS}
}

@article{girvan2002community,
  title={Community structure in social and biological networks},
  author={Girvan, Michelle and Newman, Mark EJ},
  journal={Proceedings of the national academy of sciences},
  volume={99},
  number={12},
  pages={7821--7826},
  year={2002},
  publisher={National Acad Sciences}
}

@article{gu2019unifying,
  title={Unifying Modular and Core-Periphery Structure in Functional Brain Networks over Development},
  author={Gu, Shi and Xia, Cedric Huchuan and Ciric, Rastko and Moore, Tyler M and Gur, Ruben C and Gur, Raquel E and Satterthwaite, Theodore D and Bassett, Danielle S},
  journal={arXiv preprint arXiv:1904.00232},
  year={2019}
}

@article{expert2011uncovering,
  title={Uncovering space-independent communities in spatial networks},
  author={Expert, Paul and Evans, Tim S and Blondel, Vincent D and Lambiotte, Renaud},
  journal={Proceedings of the National Academy of Sciences},
  volume={108},
  number={19},
  pages={7663--7668},
  year={2011},
  publisher={National Acad Sciences}
}

@article{sarzynska2016null,
  title={Null models for community detection in spatially embedded, temporal networks},
  author={Sarzynska, Marta and Leicht, Elizabeth A and Chowell, Gerardo and Porter, Mason A},
  journal={Journal of Complex Networks},
  volume={4},
  number={3},
  pages={363--406},
  year={2016},
  publisher={Oxford University Press}
}
@article{barthelemy2011spatial,
  title={Spatial networks},
  author={Barth{\'e}lemy, Marc},
  journal={Physics Reports},
  volume={499},
  number={1-3},
  pages={1--101},
  year={2011},
  publisher={Elsevier}
}
@article{liu2014detecting,
  title={Detecting network communities beyond assortativity-related attributes},
  author={Liu, Xin and Murata, Tsuyoshi and Wakita, Ken},
  journal={Physical Review E},
  volume={90},
  number={1},
  pages={012806},
  year={2014},
  publisher={APS}
}

@article{cerina2012spatial,
  title={Spatial correlations in attribute communities},
  author={Cerina, Federica and De Leo, Vincenzo and Barthelemy, Marc and Chessa, Alessandro},
  journal={PLoS One},
  volume={7},
  number={5},
  pages={e37507},
  year={2012},
  publisher={Public Library of Science San Francisco, USA}
}

@inproceedings{cazabet2017enhancing,
  title={Enhancing space-aware community detection using degree constrained spatial null model},
  author={Cazabet, Remy and Borgnat, Pierre and Jensen, Pablo},
  booktitle={International Workshop on Complex Networks},
  pages={47--55},
  year={2017},
  organization={Springer}
}
@article{de2013commuter,
  title={Commuter networks and community detection: a method for planning sub regional areas},
  author={De Montis, Andrea and Caschili, Simone and Chessa, Alessandro},
  journal={The European Physical Journal Special Topics},
  volume={215},
  number={1},
  pages={75--91},
  year={2013},
  publisher={Springer}
}

@book{newman2018networks,
  title={Networks},
  author={Newman, Mark},
  year={2018},
  publisher={Oxford university press}
}
@article{newman2006modularity,
  title={Modularity and community structure in networks},
  author={Newman, Mark EJ},
  journal={Proceedings of the national academy of sciences},
  volume={103},
  number={23},
  pages={8577--8582},
  year={2006},
  publisher={National Acad Sciences}
}


@article{krugman1995globalization,
  title={Globalization and the Inequality of Nations},
  author={Krugman, Paul and Venables, Anthony J},
  journal={The quarterly journal of economics},
  volume={110},
  number={4},
  pages={857--880},
  year={1995},
  publisher={MIT Press}
}

@article{blondel2008fast,
  title={Fast unfolding of communities in large networks},
  author={Blondel, Vincent D and Guillaume, Jean-Loup and Lambiotte, Renaud and Lefebvre, Etienne},
  journal={Journal of statistical mechanics: theory and experiment},
  volume={2008},
  number={10},
  pages={P10008},
  year={2008},
  publisher={IOP Publishing}
}

@article{lambiotte2008laplacian,
  title={Laplacian dynamics and multiscale modular structure in networks},
  author={Lambiotte, Renaud and Delvenne, J-C and Barahona, Mauricio},
  journal={arXiv preprint arXiv:0812.1770},
  year={2008}
}

@misc{lambiottenotes,
  author        = {Renaud Lambiotte},
  title         = {C5.4 Networks Lecture Notes},
  year          = {2021},
  publisher     = {University of Oxford}
}

@misc{rodrigo,
  author        = {Rodrigo Leal Cervantes},
  title         = {Community Detection and Retail Networks, Confirmation Thesis for the degree of Doctor of Philosophy},
  year          = {2011},
  publisher     = {University of Oxford}
}

@article{zhou2020predicting,
  title={Predicting highway freight transportation networks using radiation models},
  author={Zhou, Wei-Xing and Wang, Li and Xie, Wen-Jie and Yan, Wanfeng},
  journal={Physical Review E},
  volume={102},
  number={5},
  pages={052314},
  year={2020},
  publisher={APS}
}

@inproceedings{shakarian2013mining,
  title={Mining for geographically disperse communities in social networks by leveraging distance modularity},
  author={Shakarian, Paulo and Roos, Patrick and Callahan, Devon and Kirk, Cory},
  booktitle={Proceedings of the 19th ACM SIGKDD international conference on Knowledge discovery and data mining},
  pages={1402--1409},
  year={2013}
}

@inproceedings{sekulic2018effect,
  title={The effect of geographical distance on community detection in flow networks},
  author={Sekuli{\'c}, Sebastijan and Long, JA and Dem{\v{s}}ar, U},
  booktitle={Proceedings of the AGILE 2018 conference, Lund, Sweden},
  pages={12--5},
  year={2018}
}


@incollection{venables2019economic,
  title={Economic Geography and Trade},
  author={Venables, Anthony J},
  booktitle={Oxford Research Encyclopedia of Economics and Finance},
  year={2019}
}
